@article{van2020distributed,
  title={Distributed nervous system, disunified consciousness?: A sensorimotor integrationist account of octopus consciousness},
  author={van Woerkum, Bas},
  journal={Journal of Consciousness Studies},
  volume={27},
  number={1-2},
  pages={149--172},
  year={2020},
  publisher={Imprint Academic}
}
@article{hochner2012embodied,
  title={An embodied view of octopus neurobiology},
  author={Hochner, Binyamin},
  journal={Current biology},
  volume={22},
  number={20},
  pages={R887--R892},
  year={2012},
  publisher={Elsevier}
}
@inproceedings{fras2018bio,
  title={Bio-inspired octopus robot based on novel soft fluidic actuator},
  author={Fras, Jan and Noh, Yohan and others},
  booktitle={2018 IEEE international conference on robotics and automation (ICRA)},
  pages={1583--1588},
  year={2018},
  organization={IEEE}
}
@article{xie2023octopus,
  title={Octopus-inspired sensorized soft arm for environmental interaction},
  author={Xie, Zhexin and Yuan, Feiyang and others},
  journal={Science Robotics},
  volume={8},
  number={84},
  pages={eadh7852},
  year={2023},
  publisher={American Association for the Advancement of Science}
}
@article{ye2022modeling,
  title={Modeling and motion control of an octopus-like flexible manipulator actuated by shape memory alloy wires},
  author={Ye, Tinglan and Wang, Yangwei and Xu, Shengxin and Wang, Yurong and Li, Jian},
  journal={Journal of Intelligent Material Systems and Structures},
  volume={33},
  number={1},
  pages={3--16},
  year={2022},
  publisher={SAGE Publications Sage UK: London, England}
}
@article{hui2023green,
  title={Green flexible electronics: natural materials, fabrication, and applications},
  author={Hui, Zengyu and Zhang, Linrong and others},
  journal={Advanced Materials},
  volume={35},
  number={28},
  pages={2211202},
  year={2023},
  publisher={Wiley Online Library}
}