@misc{web:isaac-sim,
  author = {NVIDIA},
  title = {Isaac-sim simulator},
  url = {https://developer.nvidia.com/isaac/sim}
}

@misc{web:omniverse,
  author = {NVIDIA},
  title = {Omniverse},
  url = {https://www.nvidia.com/en-us/omniverse}
}

@misc{web:g1w_move,
  author = {JUN},
  title = {the wheel-leg robot moves on the ground},
  url = {https://www.youtube.com/watch?v=evDuOyHe0U0}
}

@article{hoeller2024anymal,
  title={Anymal parkour: Learning agile navigation for quadrupedal robots},
  author={Hoeller, David and Rudin, Nikita and Sako, Dhionis and Hutter, Marco},
  journal={Science Robotics},
  volume={9},
  number={88},
  pages={eadi7566},
  year={2024},
  publisher={American Association for the Advancement of Science}
}

@article{mittal2023orbit,
  title={Orbit: A unified simulation framework for interactive robot learning environments},
  author={Mittal, Mayank and Yu, Calvin and Yu, Qinxi and Liu, Jingzhou and Rudin, Nikita and Hoeller, David and Yuan, Jia Lin and Singh, Ritvik and Guo, Yunrong and Mazhar, Hammad and others},
  journal={IEEE Robotics and Automation Letters},
  volume={8},
  number={6},
  pages={3740--3747},
  year={2023},
  publisher={IEEE}
}



@article{kumar2021workflow,
  title={A workflow for offline model-free robotic reinforcement learning},
  author={Kumar, Aviral and Singh, Anikait and Tian, Stephen and Finn, Chelsea and Levine, Sergey},
  journal={arXiv preprint arXiv:2109.10813},
  year={2021}
}

@article{schwenzer2021review,
  title={Review on model predictive control: An engineering perspective},
  author={Schwenzer, Max and Ay, Muzaffer and Bergs, Thomas and Abel, Dirk},
  journal={The International Journal of Advanced Manufacturing Technology},
  volume={117},
  number={5},
  pages={1327--1349},
  year={2021},
  publisher={Springer}
}

@article{bjelonic2019keep,
  title={Keep rollin’—whole-body motion control and planning for wheeled quadrupedal robots},
  author={Bjelonic, Marko and Bellicoso, C Dario and de Viragh, Yvain and Sako, Dhionis and Tresoldi, F Dante and Jenelten, Fabian and Hutter, Marco},
  journal={IEEE Robotics and Automation Letters},
  volume={4},
  number={2},
  pages={2116--2123},
  year={2019},
  publisher={IEEE}
}

@inproceedings{klemm2019ascento,
  title={Ascento: A two-wheeled jumping robot},
  author={Klemm, Victor and Morra, Alessandro and Salzmann, Ciro and Tschopp, Florian and Bodie, Karen and Gulich, Lionel and K{\"u}ng, Nicola and Mannhart, Dominik and Pfister, Corentin and Vierneisel, Marcus and others},
  booktitle={2019 International Conference on Robotics and Automation (ICRA)},
  pages={7515--7521},
  year={2019},
  organization={IEEE}
}

@article{klemm2020lqr,
  title={LQR-assisted whole-body control of a wheeled bipedal robot with kinematic loops},
  author={Klemm, Victor and Morra, Alessandro and Gulich, Lionel and Mannhart, Dominik and Rohr, David and Kamel, Mina and de Viragh, Yvain and Siegwart, Roland},
  journal={IEEE Robotics and Automation Letters},
  volume={5},
  number={2},
  pages={3745--3752},
  year={2020},
  publisher={IEEE}
}

@misc{li2023design,
  title={Design and control for wlr-3p: a hydraulic wheel-legged robot. Cyborg Bionic Syst 4: 25},
  author={Li, X and Yu, H and Feng, H and Zhang, S and Fu, Y},
  year={2023}
}

@article{thompson2019reinforcement,
  title={Reinforcement Learning Techniques for Autonomous Robotics},
  author={Thompson, Christopher Ryan and Talla, Rajasekhar Reddy and Gummadi, JCS and Kamisetty, A},
  journal={Asian Journal of Applied Science and Engineering},
  volume={8},
  number={1},
  pages={85--96},
  year={2019}
}

@article{kaelbling1996reinforcement,
  title={Reinforcement learning: A survey},
  author={Kaelbling, Leslie Pack and Littman, Michael L and Moore, Andrew W},
  journal={Journal of artificial intelligence research},
  volume={4},
  pages={237--285},
  year={1996}
}